<record><leader>00000cas a2200000 a 4500</leader><controlfield tag="001">756860265</controlfield><controlfield tag="006">m     o  d        </controlfield><controlfield tag="007">cr cn|||||||||</controlfield><controlfield tag="008">111013c19699999ncu x n o     0    0eng c</controlfield><datafield ind1=" " ind2=" " tag="010"><subfield code="a">  2015236558</subfield></datafield><datafield ind1=" " ind2=" " tag="040"><subfield code="a">NOC</subfield><subfield code="b">eng</subfield><subfield code="c">NOC</subfield><subfield code="e">pn</subfield><subfield code="d">OCLCQ</subfield><subfield code="d">NOC</subfield><subfield code="d">OCLCF</subfield></datafield><datafield ind1=" " ind2=" " tag="042"><subfield code="a">pcc</subfield></datafield><datafield ind1=" " ind2=" " tag="043"><subfield code="a">n-us-nc</subfield></datafield><datafield ind1="0" ind2="0" tag="245"><subfield code="a">Black ink</subfield><subfield code="h">[electronic resource] :</subfield><subfield code="b">Black Student Movement, University of North Carolina at Chapel Hill.</subfield></datafield><datafield ind1=" " ind2=" " tag="260"><subfield code="a">[Chapel Hill, N.C. :</subfield><subfield code="b">University of North Carolina at Chapel Hill Black Student Movement],</subfield><subfield code="c">1969-</subfield></datafield><datafield ind1=" " ind2=" " tag="310"><subfield code="a">Frequency varies</subfield></datafield><datafield ind1=" " ind2=" " tag="336"><subfield code="a">text</subfield><subfield code="b">txt</subfield><subfield code="2">rdacontent</subfield></datafield><datafield ind1=" " ind2=" " tag="337"><subfield code="a">computer</subfield><subfield code="b">c</subfield><subfield code="2">rdamedia</subfield></datafield><datafield ind1=" " ind2=" " tag="338"><subfield code="a">online resource</subfield><subfield code="b">cr</subfield><subfield code="2">rdacarrier</subfield></datafield><datafield ind1="0" ind2=" " tag="362"><subfield code="a">[Vol. 1], no. 1 (Nov. 1969)-</subfield></datafield><datafield ind1=" " ind2=" " tag="500"><subfield code="a">Title from title screen (viewed Oct. 13, 2011).</subfield></datafield><datafield ind1=" " ind2=" " tag="500"><subfield code="a">"Voice of Black Liberation"--Beneath title (Nov.-Dec. 1969); "Black Student Movement official newspaper"--Beneath title (Dec. 1971- ).</subfield></datafield><datafield ind1=" " ind2=" " tag="515"><subfield code="a">Vol. numbering begins with: Vol. 1, no. 2 (Dec. 1969); numbering is irregular.</subfield></datafield><datafield ind1="2" ind2="0" tag="610"><subfield code="a">University of North Carolina at Chapel Hill</subfield><subfield code="v">Newspapers.</subfield></datafield><datafield ind1=" " ind2="0" tag="650"><subfield code="a">Student newspapers and periodicals</subfield><subfield code="z">North Carolina</subfield><subfield code="z">Chapel Hill.</subfield></datafield><datafield ind1="2" ind2="0" tag="610"><subfield code="a">University of North Carolina at Chapel Hill.</subfield><subfield code="b">Black Student Movement</subfield><subfield code="v">Periodicals.</subfield></datafield><datafield ind1=" " ind2="0" tag="650"><subfield code="a">African American college students</subfield><subfield code="z">North Carolina</subfield><subfield code="z">Chapel Hill</subfield><subfield code="v">Periodicals.</subfield></datafield><datafield ind1=" " ind2="7" tag="655"><subfield code="a">Newspapers.</subfield><subfield code="2">fast</subfield><subfield code="0">(OCoLC)fst01423814</subfield></datafield><datafield ind1=" " ind2="7" tag="655"><subfield code="a">Periodicals.</subfield><subfield code="2">fast</subfield><subfield code="0">(OCoLC)fst01411641</subfield></datafield><datafield ind1="2" ind2="7" tag="610"><subfield code="a">University of North Carolina at Chapel Hill.</subfield><subfield code="2">fast</subfield><subfield code="0">(OCoLC)fst00567135</subfield></datafield><datafield ind1="2" ind2="7" tag="610"><subfield code="a">University of North Carolina at Chapel Hill.</subfield><subfield code="b">Black Student Movement.</subfield><subfield code="2">fast</subfield><subfield code="0">(OCoLC)fst01917924</subfield></datafield><datafield ind1=" " ind2="7" tag="650"><subfield code="a">African American college students.</subfield><subfield code="2">fast</subfield><subfield code="0">(OCoLC)fst00799102</subfield></datafield><datafield ind1=" " ind2="7" tag="650"><subfield code="a">Student newspapers and periodicals.</subfield><subfield code="2">fast</subfield><subfield code="0">(OCoLC)fst01135965</subfield></datafield><datafield ind1=" " ind2="7" tag="651"><subfield code="a">North Carolina</subfield><subfield code="z">Chapel Hill.</subfield><subfield code="2">fast</subfield><subfield code="0">(OCoLC)fst01206600</subfield></datafield><datafield ind1="2" ind2=" " tag="710"><subfield code="a">University of North Carolina at Chapel Hill.</subfield><subfield code="b">Black Student Movement.</subfield></datafield><datafield ind1=" " ind2=" " tag="752"><subfield code="a">United States</subfield><subfield code="b">North Carolina</subfield><subfield code="c">Orange</subfield><subfield code="d">Chapel Hill.</subfield></datafield><datafield ind1="0" ind2="8" tag="776"><subfield code="i">Original:</subfield><subfield code="t">Black ink</subfield><subfield code="w">(OCoLC)50935134</subfield></datafield><datafield ind1="4" ind2="0" tag="856"><subfield code="u">http://www.digitalnc.org/newspapers/black-ink-black-student-movement-university-north-carolina-chapel-hill/</subfield></datafield></record>